@INPROCEEDINGS{Altman00astochastic,
    author = {Eitan Altman and Konstantin Avrachenkov and Chadi Barakat},
    title = {A Stochastic Model of TCP/IP with Stationary Random Losses},
    booktitle = {ACM SIGCOMM},
    year = {2000}
}

@INPROCEEDINGS{Cao04stochasticmodels,
    author = {Jin Cao and William S. Cleveland and Yuan Gao and Kevin Jeffay and F. Donelson Smith and Michele Weigle},
    title = {Stochastic models for generating synthetic HTTP source traffic},
    booktitle = {IN PROCEEDINGS OF IEEE INFOCOM},
    year = {2004}
}

@inproceedings{Nielsen:sig1997,
  author = "Henrik Nielsen and James Gettys and Anselm Baird-Smith and Eric Prud'hommeaux and Hakon Wium Lie and Chris Lilley",
  title = "Network performance effects of HTTP/1.1, CSS1, and PNG",
  crossref = "sigcomm1997"
}

@INPROCEEDINGS{Barford00criticalpath,
    author = {Paul Barford and Mark Crovella},
    title = {Critical Path Analysis of TCP Transactions},
    booktitle = {IEEE/ACM Transactions on Networking},
    year = {2000}
}

@inproceedings{Su06:draftingbehind,
    author = {Ao-jan Su and David R. Choffnes and Ar Kuzmanovic and Fabian E. Bustamante},
    title = {Drafting Behind Akamai (Travelocity-Based Detouring},
    crossref = "sigcomm2006"
}

@inproceedings{Erman:2009,
 author = {Jeffrey Erman and Alexandre Gerber and Mohammad Hajiaghayi and Dan Pei and Oliver Spatscheck},
 title = {Network-aware forward caching},
 booktitle = {Proceedings of the 18th international conference on World wide web},
 year = {2009}
} 

@misc{Belshe2010,
  title = "{More Bandwidth Doesn't Matter (much)}",
  author = "Mike Belshe",
  note = "\url{http://goo.gl/OIv47}"
}
#  note = "\url{http://docs.google.com/viewer?a=v&pid=sites&srcid=Y2hyb21pdW0ub3JnfGRldnxneDoxMzcyOWI1N2I4YzI3NzE2}"

@misc{Belshe2010:ss,
  title = "{A Client-Side Argument for Changing TCP Slow Start}",
  author = "Mike Belshe",
  note = "\url{http://goo.gl/UDKXz}",
}
#  note = "\url{http://docs.google.com/viewer?a=v&pid=sites&srcid=Y2hyb21pdW0ub3JnfGRldnxneDo0NDEyNDM3MzRiZDk4YTE4}"

@inproceedings{Krishnan:2010,
 author = {Krishnan, Srinivas and Monrose, Fabian},
 title = {DNS prefetching and its privacy implications: when good things go bad},
 booktitle = {Proceedings of the 3rd USENIX conference on Large-scale exploits and emergent threats: botnets, spyware, worms, and more},
 series = {LEET'10},
 year = {2010},
 location = {San Jose, California},
} 

@inproceedings{Erman2011:homenets,
  author = "Jeffrey Erman and Alexandre Gerber and Subhabrata Sen",
  title = "HTTP in the Home: It is Not Just About PCs",
	booktitle = {HomeNets: ACM SIGCOMM Workshop on Home Networks},
  year = 2011,
  month = aug
}

@article{Cohen1999:persistent,
 author = {Cohen, Edith and Kaplan, Haim and Oldham, Jeffrey},
 title = {Managing TCP connection under persistent HTTP},
 journal = {Comput. Netw.},
 volume = {31},
 issue = {11-16},
 month = {May},
 year = {1999},
 issn = {1389-1286},
 pages = {1709--1723},
 numpages = {15},
 url = {http://dx.doi.org/10.1016/S1389-1286(99)00018-3},
 publisher = {Elsevier North-Holland, Inc.},
 address = {New York, NY, USA},
} 


@inproceedings{sundaresan:sigcomm2011,
author = "S. Sundaresan and W. de Donato and N. Feamster and R. Teixeira and S. Crawford and A. Pescap\`{e}",
title = "Broadband Internet Performance: A View from the Gateway",
crossref = "sigcomm2011"
}


@misc{chromium-blog-dns-prefetching,
  key = "dns-prefetching",
  title = "{DNS Prefetching (or Pre-Resolving)}",
  note = "\url{http://blog.chromium.org/2008/09/dns-prefetching-or-pre-resolving.html}"
}

@misc{mozilla-link-prefetching,
  key = "link-prefetching",
  title = "{Link Prefetching FAQ}",
  note = "\url{https://developer.mozilla.org/En/Link_prefetching_FAQ}"
}


@article{Dukkipati:2010,
 author = {Dukkipati, Nandita and Refice, Tiziana and Cheng, Yuchung and Chu, Jerry and Herbert, Tom and Agarwal, Amit and Jain, Arvind and Sutin, Natalia},
 title = {An argument for increasing TCP's initial congestion window},
 journal = {SIGCOMM Comput. Commun. Rev.},
 volume = {40},
 issue = {3},
 month = {June},
 year = {2010},
 pages = {26--33},
 numpages = {8},
 publisher = {ACM},
 address = {New York, NY, USA},
} 
 

@inproceedings{Krishnamurthy2000:web,
title = "{Analyzing factors that influence end-to-end Web performance}",
author = "Balachander Krishnamurthy and Craig Wills",
crossref = "wwwc-9"
}

@proceedings{wwwc-9,
  booktitle = "{Proc. Twelfth International World Wide Web Conference}",
  address = {Amsterdam, The Netherlands},
  month = May, year = 2000
}

@manual{rfc6057,
author = {C. Bastian and T. Klieber and J. Livingood and J. Mills and R. Woundy},
title = { Comcast's protocol-agnostisc congestion management system},
note = {RFC 6057},
organization = IETF,
year = 2010,
month = dec
}

@manual{id-tcpfo,
  title =	 {TCP Fast Open},
  author =	 {Y. Cheng and Others},
  organization = IETF,
  month =	 sep,
  year =	 2011,
  note = {\url{http://www.ietf.org/id/draft-cheng-tcpm-fastopen-00.txt}},
}


@manual{id-tcpiw10,
  title =	 {Increasing TCP's Initial Window},
  author =	 {J. Chu and Others},
  organization = IETF,
  month =	 oct,
  year =	 2011,
  note = {\url{http://tools.ietf.org/html/draft-ietf-tcpm-initcwnd-01}},
}

@inproceedings{alfares2011,
  title="{Overclocking the Yahoo! CDN for faster Web page loads}",
  author={Al-Fares, M. and Elmeleegy, K. and Reed, B. and Gashinsky, I.},
  booktitle={Proceedings of Internet Measurement Conference},
  year={2011}
}

@inproceedings{ager2010,
  title={Revisiting cacheability in times of user generated content},
  author={Ager, B. and Schneider, F. and Kim, J. and Feldmann, A.},
  booktitle={INFOCOM IEEE Conference on Computer Communications Workshops, 2010},
  pages={1--6},
  year={2010},
  organization={IEEE}
}

@article{caceres1998,
  title={Web proxy caching: The devil is in the details},
  author={Caceres, R. and Douglis, F. and Feldmann, A. and Glass, G. and Rabinovich, M.},
  crossref = "sigmetrics1998"
}


@inproceedings{ihm2011:imc,
  title={Towards understanding modern web traffic},
  author={Ihm, S. and Pai, V.S.},
  crossref="imc2011"
}

@inproceedings{butkiewicz2011,
  title={Understanding website complexity: Measurements, metrics, and implications},
  author={Butkiewicz, M. and Madhyastha, H.V. and Sekar, V.},
  crossref="imc2011"
}

@proceedings{imc2011,
  booktitle = "{Proc. Internet Measurement Conference}",
  address = {Berlin, Germany},
  month = nov, year = 2010
}

@inproceedings{jung2003,
   author =       "Jaeyeon Jung and Arthur W. Berger and Hari Balakrishnan",
   title =        "{Modeling TTL-based Internet Caches}",
   booktitle =    {IEEE Infocom 2003},
   year =         {2003},
   month =        {April},
   address =      {San Francisco, CA}
}

@inproceedings{feldmann1999,
  title={Performance of Web proxy caching in heterogeneous bandwidth environments},
  author={Feldmann, A. and Caceres, R. and Douglis, F. and Glass, G. and Rabinovich, M.},
  crossref="infocom1999"
}

@article{padmanabhan1996,
  title={Using predictive prefetching to improve World Wide Web latency},
  author={Padmanabhan, V.N. and Mogul, J.C.},
  journal={ACM SIGCOMM Computer Communication Review},
  volume={26},
  number={3},
  pages={22--36},
  year={1996},
  publisher={ACM}
}

@misc{www-fcc-broadband,
  title="{Broadband Adoption and Use in America}",
  howpublished = "\url{http://hraunfoss.fcc.gov/edocs_public/attachmatch/DOC-296442A1.pdf}",
  year = 2010,
  month = feb,
  note = "Federal Communications Commission"
}


@Book{www-internet-oecd,
  author = 	 {OECD},
  title = 	 {OECD Communications Outlook},
  publisher = 	 {OECD Publishing},
  year = 	 {2011},
  month = 	 jul,
}

@inproceedings{Ager2010:dns,
 author = {Ager, Bernhard and M\"{u}hlbauer, Wolfgang and Smaragdakis, Georgios and Uhlig, Steve},
 title = {Comparing DNS resolvers in the wild},
 booktitle = {Proceedings of the 10th annual conference on Internet measurement},
 series = {IMC '10},
 year = {2010},
 isbn = {978-1-4503-0483-2},
 location = {Melbourne, Australia},
 pages = {15--21},
 numpages = {7},
 url = {http://doi.acm.org/10.1145/1879141.1879144},
 doi = {http://doi.acm.org/10.1145/1879141.1879144},
 acmid = {1879144},
 publisher = {ACM},
 address = {New York, NY, USA},
 keywords = {DNS resolvers, measurement, performance analysis},
} 

@misc{www-netgear-3800,
  title = "{Netgear WNDR3800}",
  note = "\url{http://www.netgear.com/home/products/wirelessrouters/high-performance/wndr3800.aspx}"
}

@inproceedings{biaz-1999,
 author = {Biaz, Saad and Vaidya, Nitin H.},
 title = {Discriminating Congestion Losses from Wireless Losses using Inter-Arrival Times at the Receiver},
 booktitle = {Proceedings of the 1999 IEEE Symposium on Application - Specific Systems and Software Engineering and Technology},
 series = {ASSET '99},
 year = {1999},
 publisher = {IEEE Computer Society},
 address = {Washington, DC, USA},
}

@INPROCEEDINGS{Hu2005,
author={Ningning Hu and Li Li and Mao, Z.M. and Steenkiste, P. and Jia Wang},
booktitle={INFOCOM 2005. 24th Annual Joint Conference of the IEEE Computer and Communications Societies. Proceedings IEEE}, title={A measurement study of Internet bottlenecks},
year={2005},
month={march},
volume={3},
number={},
pages={ 1689 - 1700 vol. 3},
doi={10.1109/INFCOM.2005.1498450},
ISSN={0743-166X},
}
@inproceedings{Kanuparthy-2008,
 author = {Kanuparthy, Partha and Dovrolis, Constantine and Ammar, Mostafa},
 title = {Spectral probing, crosstalk and frequency multiplexing in internet paths},
 booktitle = {Proceedings of the 8th ACM SIGCOMM conference on Internet measurement},
 series = {IMC '08},
 year = {2008},
 isbn = {978-1-60558-334-1},
 location = {Vouliagmeni, Greece},
 pages = {291--304},
 numpages = {14},
 url = {http://doi.acm.org/10.1145/1452520.1452554},
 doi = {10.1145/1452520.1452554},
 acmid = {1452554},
 publisher = {ACM},
 address = {New York, NY, USA},
}
@article{Kanuparthy-2012,
 author = {Kanuparthy, Partha and Dovrolis, Constantine and Papagiannaki, Konstantina and Seshan, Srinivasan and Steenkiste, Peter},
 title = {Can user-level probing detect and diagnose common home-WLAN pathologies},
 journal = {SIGCOMM Comput. Commun. Rev.},
 issue_date = {January 2012},
 volume = {42},
 number = {1},
 month = jan,
 year = {2012},
 issn = {0146-4833},
 pages = {7--15},
 numpages = {9},
 url = {http://doi.acm.org/10.1145/2096149.2096151},
 doi = {10.1145/2096149.2096151},
 acmid = {2096151},
 publisher = {ACM},
 address = {New York, NY, USA},
}
@inproceedings{Kanuparthy-2010,
 author = {Kanuparthy, Partha and Dovrolis, Constantine},
 title = {Diffprobe: detecting ISP service discrimination},
 booktitle = {Proceedings of the 29th conference on Information communications},
 series = {INFOCOM'10},
 year = {2010},
 isbn = {978-1-4244-5836-3},
 location = {San Diego, California, USA},
 pages = {1649--1657},
 numpages = {9},
 url = {http://dl.acm.org/citation.cfm?id=1833515.1833745},
 acmid = {1833745},
 publisher = {IEEE Press},
 address = {Piscataway, NJ, USA},
} 

@inproceedings{Adya-2004,
 author = {Adya, Atul and Bahl, Paramvir and Chandra, Ranveer and Qiu, Lili},
 title = {Architecture and techniques for diagnosing faults in IEEE 802.11 infrastructure networks},
 booktitle = {Proceedings of the 10th annual international conference on Mobile computing and networking},
 series = {MobiCom '04},
 year = {2004},
 isbn = {1-58113-868-7},
 location = {Philadelphia, PA, USA},
 pages = {30--44},
 numpages = {15},
 url = {http://doi.acm.org/10.1145/1023720.1023724},
 doi = {10.1145/1023720.1023724},
 acmid = {1023724},
 publisher = {ACM},
 address = {New York, NY, USA},
} 

@INPROCEEDINGS{Rayanchu-2008,
author={Rayanchu, S. and Mishra, A. and Agrawal, D. and Saha, S. and Suman Banerjee},
booktitle={INFOCOM 2008. The 27th Conference on Computer Communications. IEEE}, title={Diagnosing Wireless Packet Losses in 802.11: Separating Collision from Weak Signal},
year={2008},
month={april},
volume={},
number={},
pages={735 -743},
keywords={Access protocols;Communications Society;Ethernet networks;Face detection;Feedback;Multiaccess communication;Propagation losses;Signal design;Throughput;USA Councils;carrier sense multiple access;telecommunication congestion control;wireless LAN;802.11-based communication;COLLIE;CSMA protocol;carrier-sense multiple access protocol;collision;wireless packet loss diagnosis;},
doi={10.1109/INFOCOM.2008.124},
ISSN={0743-166X},}
}
@inproceedings{Rayanchu-2011,
 author = {Rayanchu, Shravan and Patro, Ashish and Banerjee, Suman},
 title = {Airshark: detecting non-WiFi RF devices using commodity WiFi hardware},
 booktitle = {Proceedings of the 2011 ACM SIGCOMM conference on Internet measurement conference},
 series = {IMC '11},
 year = {2011},
 isbn = {978-1-4503-1013-0},
 location = {Berlin, Germany},
 pages = {137--154},
 numpages = {18},
 url = {http://doi.acm.org/10.1145/2068816.2068830},
 doi = {10.1145/2068816.2068830},
 acmid = {2068830},
 publisher = {ACM},
 address = {New York, NY, USA},
} 
@inproceedings{Rayanchu-2012,
 author = {Rayanchu, Shravan and Patro, Ashish and Banerjee, Suman},
 title = {Catching whales and minnows using WiFiNet: deconstructing non-WiFi interference using WiFi hardware},
 booktitle = {Proceedings of the 9th USENIX conference on Networked Systems Design and Implementation},
 series = {NSDI'12},
 year = {2012},
 location = {San Jose, CA},
 pages = {5--5},
 numpages = {1},
 url = {http://dl.acm.org/citation.cfm?id=2228298.2228305},
 acmid = {2228305},
 publisher = {USENIX Association},
 address = {Berkeley, CA, USA},
} 

@INPROCEEDINGS{Jain-2002-pathload,
    author = {Manish Jain and Constantinos Dovrolis},
    title = {Pathload: A Measurement Tool for End-to-End Available Bandwidth},
    booktitle = {In Proceedings of Passive and Active Measurements (PAM) Workshop},
    year = {2002},
    pages = {14--25}
}
@inproceedings{ribeiro-2003-pathchirp,
  title={pathchirp: Efficient available bandwidth estimation for network paths},
  author={Ribeiro, V. and Riedi, R. and Baraniuk, R. and Navratil, J. and Cottrell, L.},
  booktitle={Passive and active measurement workshop},
  volume={4},
  year={2003}
}

@article{Mai-2011,
 author = {Mai, Haohui and Khurshid, Ahmed and Agarwal, Rachit and Caesar, Matthew and Godfrey, P. Brighten and King, Samuel Talmadge},
 title = {Debugging the data plane with anteater},
 journal = {SIGCOMM Comput. Commun. Rev.},
 issue_date = {August 2011},
 volume = {41},
 number = {4},
 month = aug,
 year = {2011},
 issn = {0146-4833},
 pages = {290--301},
 numpages = {12},
 url = {http://doi.acm.org/10.1145/2043164.2018470},
 doi = {10.1145/2043164.2018470},
 acmid = {2018470},
 publisher = {ACM},
 address = {New York, NY, USA},
} 

@inproceedings{Aggarwal-2009-netprints,
 author = {Aggarwal, Bhavish and Bhagwan, Ranjita and Das, Tathagata and Eswaran, Siddharth and Padmanabhan, Venkata N. and Voelker, Geoffrey M.},
 title = {NetPrints: diagnosing home network misconfigurations using shared knowledge},
 booktitle = {Proceedings of the 6th USENIX symposium on Networked systems design and implementation},
 series = {NSDI'09},
 year = {2009},
 location = {Boston, Massachusetts},
 pages = {349--364},
 numpages = {16},
 url = {http://dl.acm.org/citation.cfm?id=1558977.1559001},
 acmid = {1559001},
 publisher = {USENIX Association},
 address = {Berkeley, CA, USA},
} 
 

@article{Eckhardt-1996,
 author = {Eckhardt, David and Steenkiste, Peter},
 title = {Measurement and analysis of the error characteristics of an in-building wireless network},
 journal = {SIGCOMM Comput. Commun. Rev.},
 issue_date = {Oct. 1996},
 volume = {26},
 number = {4},
 month = aug,
 year = {1996},
 issn = {0146-4833},
 pages = {243--254},
 numpages = {12},
 url = {http://doi.acm.org/10.1145/248157.248178},
 doi = {10.1145/248157.248178},
 acmid = {248178},
 publisher = {ACM},
 address = {New York, NY, USA},
} 

@inproceedings{Chetty-2010,
 author = {Chetty, Marshini and Banks, Richard and Harper, Richard and Regan, Tim and Sellen, Abigail and Gkantsidis, Christos and Karagiannis, Thomas and Key, Peter},
 title = {Who's hogging the bandwidth: the consequences of revealing the invisible in the home},
 booktitle = {Proceedings of the SIGCHI Conference on Human Factors in Computing Systems},
 series = {CHI '10},
 year = {2010},
 isbn = {978-1-60558-929-9},
 location = {Atlanta, Georgia, USA},
 pages = {659--668},
 numpages = {10},
 url = {http://doi.acm.org/10.1145/1753326.1753423},
 doi = {10.1145/1753326.1753423},
 acmid = {1753423},
 publisher = {ACM},
 address = {New York, NY, USA},
} 
@inproceedings{Kandula-2009,
 author = {Kandula, Srikanth and Mahajan, Ratul and Verkaik, Patrick and Agarwal, Sharad and Padhye, Jitendra and Bahl, Paramvir},
 title = {Detailed diagnosis in enterprise networks},
 booktitle = {Proceedings of the ACM SIGCOMM 2009 conference on Data communication},
 series = {SIGCOMM '09},
 year = {2009},
 isbn = {978-1-60558-594-9},
 location = {Barcelona, Spain},
 pages = {243--254},
 numpages = {12},
 url = {http://doi.acm.org/10.1145/1592568.1592597},
 doi = {10.1145/1592568.1592597},
 acmid = {1592597},
 publisher = {ACM},
 address = {New York, NY, USA},
 keywords = {applications, enterprise networks, fault diagnosis},
} 

@inproceedings{grinter2005work,
  title={The work to make a home network work},
  author={Grinter, R.E. and Edwards, W.K. and Newman, M.W. and Ducheneaut, N.},
  booktitle={ECSCW 2005},
  pages={469--488},
  year={2005},
  organization={Springer}
}
@article{grinter2009ins,
  title={The ins and outs of home networking: The case for useful and usable domestic networking},
  author={Grinter, R.E. and Edwards, W.K. and Chetty, M. and Poole, E.S. and Sung, J.Y. and Yang, J. and Crabtree, A. and Tolmie, P. and Rodden, T. and Greenhalgh, C. and others},
  journal={ACM Transactions on Computer-Human Interaction (TOCHI)},
  volume={16},
  number={2},
  pages={1--28},
  year={2009},
  publisher={ACM}
}
@inproceedings{saroiu2002sprobe,
  title={Sprobe: A fast technique for measuring bottleneck bandwidth in uncooperative environments},
  author={Saroiu, S. and Gummadi, P.K. and Gribble, S.D.},
  booktitle={IEEE INFOCOM},
  pages={1},
  year={2002}
}
@inproceedings{savage1999sting,
  title={Sting: a TCP-based network measurement tool},
  author={Savage, S.},
  booktitle={Proceedings of the 1999 USENIX Symposium on Internet Technologies and Systems},
  pages={71--79},
  year={1999}
}

@inproceedings{lai2001nettimer,
  title={Nettimer: A tool for measuring bottleneck link bandwidth},
  author={Lai, K. and Baker, M.},
  booktitle={Proceedings of the USENIX Symposium on Internet Technologies and Systems},
  volume={134},
  year={2001}
}


@inproceedings{antoniades2006available,
  title={Available bandwidth measurement as simple as running wget},
  author={Antoniades, D. and Athanatos, M. and Papadogiannakis, A. and Markatos, E.P. and Dovrolis, C.},
  booktitle={Proc. of Passive and Active Measurement Conference (PAM 2006)},
  pages={61--70},
  year={2006},
  organization={Citeseer}
}

@inproceedings{dischinger2010glasnost,
  title={Glasnost: Enabling end users to detect traffic differentiation},
  author={Dischinger, M. and Marcon, M. and Guha, S. and Gummadi, K.P. and Mahajan, R. and Saroiu, S.},
  booktitle={Proceedings of the 7th USENIX conference on Networked systems design and implementation},
  pages={27--27},
  year={2010},
  organization={USENIX Association}
}

@inproceedings{tariq2009detecting,
  title={Detecting network neutrality violations with causal inference},
  author={Tariq, M.B. and Motiwala, M. and Feamster, N. and Ammar, M.},
  booktitle={Proceedings of the 5th international conference on Emerging networking experiments and technologies},
  pages={289--300},
  year={2009},
  organization={ACM}
}

@ARTICLE{broustis2010,
author={Broustis, I. and Papagiannaki, K. and Krishnamurthy, S.V. and Faloutsos, M. and Mhatre, V.P.},
journal={Networking, IEEE/ACM Transactions on}, title={Measurement-Driven Guidelines for 802.11 WLAN Design},
year={2010},
month={june },
volume={18},
number={3},
pages={722 -735},
doi={10.1109/TNET.2009.2031971},
ISSN={1063-6692},}

@inproceedings{Ahmed:2008,
 author = {Ahmed, Nabeel and Ismail, Usman and Keshav, Srinivasan and Papagiannaki, Konstantina},
 title = {Online estimation of RF interference},
 booktitle = {Proceedings of the 2008 ACM CoNEXT Conference},
 series = {CoNEXT '08},
 year = {2008},
 isbn = {978-1-60558-210-8},
 location = {Madrid, Spain},
 pages = {4:1--4:12},
 articleno = {4},
 numpages = {12},
 url = {http://doi.acm.org/10.1145/1544012.1544016},
 doi = {10.1145/1544012.1544016},
 acmid = {1544016},
 publisher = {ACM},
 address = {New York, NY, USA},
}

@inproceedings{Niculescu:2007,
 author = {Niculescu, Drago\c{s}},
 title = {Interference map for 802.11 networks},
 booktitle = {Proceedings of the 7th ACM SIGCOMM conference on Internet measurement},
 series = {IMC '07},
 year = {2007},
 isbn = {978-1-59593-908-1},
 location = {San Diego, California, USA},
 pages = {339--350},
 numpages = {12},
 url = {http://doi.acm.org/10.1145/1298306.1298355},
 doi = {10.1145/1298306.1298355},
 acmid = {1298355},
 publisher = {ACM},
 address = {New York, NY, USA},
 keywords = {802.11, interference, measurement, model},
} 

@article{Cheng:2007,
 author = {Cheng, Yu-Chung and Afanasyev, Mikhail and Verkaik, Patrick and Benk\"{o}, P{\'e}ter and Chiang, Jennifer and Snoeren, Alex C. and Savage, Stefan and Voelker, Geoffrey M.},
 title = {Automating cross-layer diagnosis of enterprise wireless networks},
 journal = {SIGCOMM Comput. Commun. Rev.},
 issue_date = {October 2007},
 volume = {37},
 number = {4},
 month = aug,
 year = {2007},
 issn = {0146-4833},
 pages = {25--36},
 numpages = {12},
 url = {http://doi.acm.org/10.1145/1282427.1282384},
 doi = {10.1145/1282427.1282384},
 acmid = {1282384},
 publisher = {ACM},
 address = {New York, NY, USA},
 keywords = {802.11, measurement, modeling, wireless networks},
} 

@article{keith2011advancing,
  title={Advancing the state of home networking},
  author={Keith Edwards, W and Mahajan, Ratul and Wetherall, David},
  journal={Communications of the ACM},
  volume={54},
  number={6},
  year={2011}
}


@inproceedings{calvert2007moving,
  title={Moving toward the middle: The case against the end-to-end argument in home networking},
  author={Calvert, Kenneth L and Edwards, W Keith and Grinter, Rebecca E},
  booktitle={Proc. 6th ACM Workshop on Hot Topics in Networks (Hotnets-VI), Atlanta, GA},
  year={2007}
}

@inproceedings{poole2008more,
  title={More than meets the eye: transforming the user experience of home network management},
  author={Poole, Erika Shehan and Chetty, Marshini and Grinter, Rebecca E and Edwards, W Keith},
  booktitle={Proceedings of the 7th ACM conference on Designing interactive systems},
  pages={455--464},
  year={2008},
  organization={ACM}
}

@inproceedings{chetty2008getting,
  title={Getting to green: understanding resource consumption in the home},
  author={Chetty, Marshini and Tran, David and Grinter, Rebecca E},
  booktitle={Proceedings of the 10th international conference on Ubiquitous computing},
  pages={242--251},
  year={2008},
  organization={ACM}
}

@inproceedings{DiCioccio2013,
    title = "Measuring Home Networks with {H}ome{N}et {P}rofiler",
    author = "Lucas DiCioccio and Renata Teixeira and Catherine Rosenberg",
    booktitle = "Passive \& Active Measurement (PAM)",
    address = "Hong Kong",
    month = mar,
    year = 2013
}

@inproceedings{DiCioccio:2012,
 author = {DiCioccio, Lucas and Teixeira, Renata and May, Martin and Kreibich, Christian},
 title = {Probe and pray: using UPnP for home network measurements},
 booktitle = {Proceedings of the 13th international conference on Passive and Active Measurement},
 series = {PAM'12},
 year = {2012},
 location = {Vienna, Austria},
 pages = {96--105},
 numpages = {10},
 doi = {10.1007/978-3-642-28537-0_10},
 publisher = {Springer-Verlag},
 address = {Berlin, Heidelberg},
}

@inproceedings{Sanchez2013,
    title = "TRYING BROADBAND CHARACTERIZATION AT HOME",
    author = "Mario A. S\'{a}nchez and John S. Otto and Zachary S. Bischof and Fabi\'{a}n E. Bustamante",
    booktitle = "Passive \& Active Measurement (PAM)",
    address = "Hong Kong",
    month = mar,
    year = 2013
}



@inproceedings{Chetty:2011:WMI,
 author = {Chetty, Marshini and Haslem, David and Baird, Andrew and Ofoha, Ugochi and Sumner, Bethany and Grinter, Rebecca},
 title = {Why is my internet slow?: making network speeds visible},
 booktitle = {Proceedings of the SIGCHI Conference on Human Factors in Computing Systems},
 series = {CHI '11},
 year = {2011},
 isbn = {978-1-4503-0228-9},
 location = {Vancouver, BC, Canada},
 pages = {1889--1898},
 numpages = {10},
 url = {http://doi.acm.org/10.1145/1978942.1979217},
 doi = {10.1145/1978942.1979217},
 acmid = {1979217},
 publisher = {ACM},
 address = {New York, NY, USA},
 keywords = {broadband speed, broadband tools, home networks},
}

@inproceedings{Chetty:2009:EGU,
 author = {Chetty, Marshini and Brush, A.J. Bernheim and Meyers, Brian R. and Johns, Paul},
 title = {It's not easy being green: understanding home computer power management},
 booktitle = {Proceedings of the SIGCHI Conference on Human Factors in Computing Systems},
 series = {CHI '09},
 year = {2009},
 isbn = {978-1-60558-246-7},
 location = {Boston, MA, USA},
 pages = {1033--1042},
 numpages = {10},
 url = {http://doi.acm.org/10.1145/1518701.1518860},
 doi = {10.1145/1518701.1518860},
 acmid = {1518860},
 publisher = {ACM},
 address = {New York, NY, USA},
 keywords = {home computer use, power management, sustainability},
}

@inproceedings{Chetty:2007:SHL,
 author = {Chetty, Marshini and Sung, Ja-Young and Grinter, Rebecca E.},
 title = {How smart homes learn: the evolution of the networked home and household},
 booktitle = {Proceedings of the 9th international conference on Ubiquitous computing},
 series = {UbiComp '07},
 year = {2007},
 isbn = {978-3-540-74852-6},
 location = {Innsbruck, Austria},
 pages = {127--144},
 numpages = {18},
 url = {http://dl.acm.org/citation.cfm?id=1771592.1771600},
 acmid = {1771600},
 publisher = {Springer-Verlag},
 address = {Berlin, Heidelberg},
 keywords = {home networking, infrastructure, smart home},
} 


@misc{www-gdp,
  title = "{The World Bank GDP per capita}",
  howpublished = "\url{http://data.worldbank.org/indicator/NY.GDP.PCAP.CD}",
  year = 2011,
  note = "The World Bank"
}


@inproceedings{Chen:2010:CWI,
 author = {Chen, Jay and Amershi, Saleema and Dhananjay, Aditya and Subramanian, Lakshmi},
 title = {Comparing web interaction models in developing regions},
 booktitle = {Proceedings of the First ACM Symposium on Computing for Development},
 series = {ACM DEV '10},
 year = {2010},
 isbn = {978-1-4503-0473-3},
 location = {London, United Kingdom},
 pages = {6:1--6:9},
 articleno = {6},
 numpages = {9},
 url = {http://doi.acm.org/10.1145/1926180.1926188},
 doi = {10.1145/1926180.1926188},
 acmid = {1926188},
 publisher = {ACM},
 address = {New York, NY, USA},
} 


@inproceedings{Smyth:2010:TTW,
 author = {Smyth, Thomas N. and Kumar, Satish and Medhi, Indrani and Toyama, Kentaro},
 title = {Where there's a will there's a way: mobile media sharing in urban india},
 booktitle = {Proceedings of the SIGCHI Conference on Human Factors in Computing Systems},
 series = {CHI '10},
 year = {2010},
 isbn = {978-1-60558-929-9},
 location = {Atlanta, Georgia, USA},
 pages = {753--762},
 numpages = {10},
 url = {http://doi.acm.org/10.1145/1753326.1753436},
 doi = {10.1145/1753326.1753436},
 acmid = {1753436},
 publisher = {ACM},
 address = {New York, NY, USA},
 keywords = {bluetooth, mobile phone, sharing, social networking, video},
}


@inproceedings{Wyche:2010:DIC,
 author = {Wyche, Susan P. and Smyth, Thomas N. and Chetty, Marshini and Aoki, Paul M. and Grinter, Rebecca E.},
 title = {Deliberate interactions: characterizing technology use in Nairobi, Kenya},
 booktitle = {Proceedings of the SIGCHI Conference on Human Factors in Computing Systems},
 series = {CHI '10},
 year = {2010},
 isbn = {978-1-60558-929-9},
 location = {Atlanta, Georgia, USA},
 pages = {2593--2602},
 numpages = {10},
 url = {http://doi.acm.org/10.1145/1753326.1753719},
 doi = {10.1145/1753326.1753719},
 acmid = {1753719},
 publisher = {ACM},
 address = {New York, NY, USA},
 keywords = {Kenya, everyday technology, hci4d, urban computing},
}


@TechReport{RePEc:reg:wpaper:8,
  author={Benkler, Yochai},
  title={Next Generation Connectivity: A Review of Broadband Internet Transitions and Policy from Around the World},
  year=2009,
  month=Oct,
  institution={Regulation2point0},
  type={Working paper},
  url={http://ideas.repec.org/p/reg/wpaper/8.html},
  number={8},
  abstract={Fostering the development of a ubiquitously networked society, connected over high-capacity networks, is a widely shared goal among both developed and developing countries. High capacity networks are seen as strategic infrastructure, intended to contribute to high and sustainable economic growth and to core aspects of human development.},
  keywords={}
}

@misc{www-fcc-report,
  title = "{Reports from Federal Communications Commission}",
  howpublished = "\url{http://www.fcc.gov/reports}",
  note = "FCC"
}

@misc{www-sk-eu,
  title = "{Sign up with us today to accurately measure your broadband performance.}",
  howpublished = "\url{https://www.samknows.eu/}",
}

@misc{www-sk-uk,
  title = "{SamKnows \& Ofcom Working together for better broadband}",
  howpublished = "\url{http://www.samknows.com/broadband/signup/ofcom}",
}

@misc{www-alexa-us,
  title = "{Top Sites in United States}",
  howpublished = "\url{http://www.alexa.com/topsites/countries/US}",
  note = "Alexa"
}
@misc{www-itu,
  title = "{The World in 2011: ICT Facts and Figures}",
  howpublished = "\url{http://www.itu.int/ITU-D/ict/facts/2011/material/ICTFactsFigures2011.pdf}",
  note = "International Telecommunication Union"
}

@misc{www-imf-gdp,
  author = "{International Monetary Fund}",
  title = "World Economic Outlook Database",
  key = "imf",
  year = 2013,
  month = apr,
  howpublished = "\url{http://www.imf.org/external/pubs/ft/weo/2013/01/weodata/index.aspx}"
}


@misc{www-sandvine,
  author = "{Sandvine}",
  title = "{Global Internet Phenomena Report}",
  key = "sandvine",
  year = 2012,
  howpublished = "\url{http://www.sandvine.com/news/global_broadband_trends.asp}"
}

@inproceedings{kim2011communicating,
  title={Communicating with caps: Managing usage caps in home networks},
  author={Kim, Hyojoon and Sundaresan, Srikanth and Chetty, Marshini and Feamster, Nick and Edwards, W Keith},
  booktitle={ACM SIGCOMM Computer Communication Review},
  volume={41},
  number={4},
  pages={470--471},
  year={2011},
  organization={ACM},
  www_section = sdn,
}